% ------------------------------------------------------------------------
% BIBLIOGRAPHY FILE
% ------------------------------------------------------------------------

% ------------------------------------------------------------------------
% Rubidium

@article{bunsen,
   author = {{Kirchhoff}, G. and {Bunsen}, R.},
    title = "{Chemische Analyse durch Spectralbeobachtungen}",
  journal = {Annalen der Physik},
     year = 1861,
   volume = 189,
    pages = {337-381},
      doi = {10.1002/andp.18611890702},
   adsurl = {http://adsabs.harvard.edu/abs/1861AnP...189..337K},
  adsnote = {Provided by the SAO/NASA Astrophysics Data System}
}

@article{nubase,
   author = {{Audi}, G. and {Bersillon}, O. and {Blachot}, J. and {Wapstra}, A.~H.},
    title = "{The NUBASE evaluation of nuclear and decay properties}",
  journal = {Nuclear Physics A},
     year = 2003,
    month = dec,
   volume = 729,
    pages = {3-128},
      doi = {10.1016/j.nuclphysa.2003.11.001},
   adsurl = {http://adsabs.harvard.edu/abs/2003NuPhA.729....3A},
  adsnote = {Provided by the SAO/NASA Astrophysics Data System}
}

@article{nist,
author  = {{Sansonetti}, J. E. and {Martin}, W. C.},
title   = {Handbook of Basic Atomic Spectroscopic Data},
journal = {Journal of Physical and Chemical Reference Data},
year    = {2005},
volume  = {34},
number  = {4},
pages   = {1974-1977}
}

@article{nist_asd,
author  = {A. Kramida, Yu. Ralchenko, J. Reader and NIST ASD Team (2015)},
title   = {{NIST} Atomic Spectra Database (ver. 5.3)},
journal = {National Institute of Standards and Technology},
year    = {2015}
}

@article{elements,
author = {{Emsley}, J.},
title = "{The Elements}",
journal = {Oxford Chemistry Guides},
year = 1995
}

@article{vapour_pres,
author = {C. B. Alcock and V. P. Itkin and M. K. Horrigan},
title = {Vapour Pressure Equations for the Metallic Elements: 298â€“2500K},
journal = {Canadian Metallurgical Quarterly},
volume = {23},
number = {3},
pages = {309-313},
year = {1984},
doi = {10.1179/cmq.1984.23.3.309},
URL = {http://dx.doi.org/10.1179/cmq.1984.23.3.309}, eprint = {http://dx.doi.org/10.1179/cmq.1984.23.3.309}
}



% ------------------------------------------------------------------------